<?xml version="1.0" encoding="UTF-8"?><record xmlns="http://www.loc.gov/MARC21/slim" xmlns:cinclude="http://apache.org/cocoon/include/1.0" xmlns:zs="http://www.loc.gov/zing/srw/">
  <leader>00829cz  a2200169n  4500</leader>
  <controlfield tag="001">nr 95036932 </controlfield>
  <controlfield tag="003">DLC</controlfield>
  <controlfield tag="005">20130319181701.0</controlfield>
  <controlfield tag="008">951006n| azannaabn          |a aaa     c</controlfield>
  <datafield tag="010" ind1=" " ind2=" ">
    <subfield code="a">nr 95036932 </subfield>
  </datafield>
  <datafield tag="035" ind1=" " ind2=" ">
    <subfield code="a">(OCoLC)oca03939873</subfield>
  </datafield>
  <datafield tag="040" ind1=" " ind2=" ">
    <subfield code="a">NjP</subfield>
    <subfield code="b">eng</subfield>
    <subfield code="e">rda</subfield>
    <subfield code="c">NjP</subfield>
    <subfield code="d">OCoLC</subfield>
    <subfield code="d">DLC</subfield>
  </datafield>
  <datafield tag="046" ind1=" " ind2=" ">
    <subfield code="f">[1894,1895]</subfield>
    <subfield code="2">edtf</subfield>
  </datafield>
  <datafield tag="100" ind1="1" ind2=" ">
    <subfield code="a">ʻAbbāsī, ʻAbd al-Qādir Bāsh Aʻyān,</subfield>
    <subfield code="d">1894 or 1895-</subfield>
  </datafield>
  <datafield tag="400" ind1="1" ind2=" ">
    <subfield code="a">ʼAʻayan-Al-ʻAbbasi, Abd-Al-Qadir Bash,</subfield>
    <subfield code="d">1894 or 1895-</subfield>
  </datafield>
  <datafield tag="400" ind1="1" ind2=" ">
    <subfield code="w">nnea</subfield>
    <subfield code="a">ʻAbbāsī, ʻAbd al-Qādir Bāsh Aʻyān,</subfield>
    <subfield code="d">b. 1894 or 5</subfield>
  </datafield>
  <datafield tag="670" ind1=" " ind2=" ">
    <subfield code="a">al-Baṣrah fī adwārihā al-tārīkhīyah, 1961:</subfield>
    <subfield code="b">t.p. (al-Shaykh ʻAbd al-Qādir Bāsh Aʻyān al-ʻAbbāsī) p. 4 (najl ʻAbd al-Wāḥid Bāsh Aʻyān al-ʻAbbāsī, b. 1312-1894, in al-Baṣrah) p. 4 of cover (Abd-Al-Qadir Bash ʼAʻayan-Al-ʻAbbasi [in rom.])</subfield>
  </datafield>
</record>